@article{wood2014ethereum,
     title={Ethereum: A secure decentralised generalised transaction ledger},
     author={Wood, Gavin},
     journal={Ethereum project yellow paper},
     volume={151},
     pages={1--32},
     year={2014}
 }
 
 @article{GMR,
author = {Goldwasser, Shafi and Micali, Silvio and Rackoff, Charles},
title = {The Knowledge Complexity of Interactive Proof Systems},
journal = {SIAM Journal on Computing},
volume = {18},
number = {1},
pages = {186-208},
year = {1989},
doi = {10.1137/0218012},
URL = { https://doi.org/10.1137/0218012},
eprint = { 

        https://doi.org/10.1137/0218012
}
}

@article{ip_muggles,
author = {Goldwasser, Shafi and Kalai, Yael Tauman and Rothblum, Guy N.},
title = {Delegating Computation: Interactive Proofs for Muggles},
year = {2015},
issue_date = {August 2015},
publisher = {Association for Computing Machinery},
address = {New York, NY, USA},
volume = {62},
number = {4},
issn = {0004-5411},
url = {https://doi.org/10.1145/2699436},
doi = {10.1145/2699436},
journal = {J. ACM},
month = {sep},
articleno = {27},
numpages = {64},
keywords = {verifiable computing, Delegating computation, interactive proofs}
}

@BOOK{goldreich_doubly_efficient_ip,
  author={Goldreich, Oded},
  title={On Doubly-Efficient Interactive Proof Systems},
  booktitle={On Doubly-Efficient Interactive Proof Systems},
  year={2018},
  volume={},
  number={},
  pages={},
  doi={}}
  
  
@InProceedings{holmgren_et_al:LIPIcs.ICALP.2022.73,
  author =	{Holmgren, Justin and Lincoln, Andrea and Rothblum, Ron D.},
  title =	{{Delegation for Search Problems}},
  booktitle =	{49th International Colloquium on Automata, Languages, and Programming (ICALP 2022)},
  pages =	{73:1--73:18},
  series =	{Leibniz International Proceedings in Informatics (LIPIcs)},
  ISBN =	{978-3-95977-235-8},
  ISSN =	{1868-8969},
  year =	{2022},
  volume =	{229},
  editor =	{Boja\'{n}czyk, Miko{\l}aj and Merelli, Emanuela and Woodruff, David P.},
  publisher =	{Schloss Dagstuhl -- Leibniz-Zentrum f{\"u}r Informatik},
  address =	{Dagstuhl, Germany},
  URL =		{https://drops.dagstuhl.de/opus/volltexte/2022/16414},
  URN =		{urn:nbn:de:0030-drops-164146},
  doi =		{10.4230/LIPIcs.ICALP.2022.73},
  annote =	{Keywords: Interactive Proofs, Fine-Grained Complexity, Delegation}
}

 
  @misc{tyson_2022, title={Solana blockchain and the proof of history}, url={https://www.infoworld.com/article/3666736/solana-blockchain-and-the-proof-of-history.html}, journal={InfoWorld}, publisher={InfoWorld}, author={Tyson, Matthew}, year={2022}, month={Jul}} 
  
   @misc{mu_nathanael_liu_woo_chen_harish_2022, title={Overpass/readme.md at Main Â· OVERPASS-project/overpass}, url={https://github.com/OverPass-Project/OverPass/blob/main/README.md}, journal={GitHub}, author={Mu, Changrui and Nathanael, Joshua and Liu, Zhiyang and Woo, Wenjun and Chen, Keying and Harish, Saravanan Anuja}, year={2022}, month={Nov}} 
   
    @misc{beincrypto_2022, title={Solana vs. Ethereum: An ultimate comparison}, url={https://beincrypto.com/learn/solana-vs-ethereum/#:~:text=Ethereum%20has%20a%20higher%20transaction,0%2C0000014}, journal={BeInCrypto}, year={2022}, month={Nov}} 